@ARTICLE{Planck2018,
   author = {{Planck Collaboration}},
    title = "{Planck 2018 results. VI. Cosmological parameters}",
  journal = {A\&A},
   volume = 641,
    pages = {A6},
     year = 2020,
      doi = {10.1051/0004-6361/201833910}
}

@ARTICLE{SO2019,
   author = {{Simons Observatory Collaboration}},
    title = "{The Simons Observatory: Science goals and forecasts}",
  journal = {JCAP},
   volume = 2019,
    pages = {056},
     year = 2019,
   eprint = {arXiv:1808.07445}
}

@ARTICLE{CMB-S42016,
   author = {{Abazajian}, K. and others},
    title = "{CMB-S4 Science Book}",
  journal = {arXiv e-prints},
   eprint = {1610.02743},
     year = 2016
}

@ARTICLE{Schneider2020,
   author = {{Schneider}, A. and {Teyssier}, R.},
    title = "{A fast and accurate large-scale structure matter power spectrum calculator}",
  journal = {JCAP},
   volume = 2020,
    pages = {019},
     year = 2020
}

@ARTICLE{BICEP2021,
   author = {{BICEP/Keck Collaboration}},
    title = "{Improved Constraints on Primordial Gravitational Waves using Planck, WMAP, and BICEP/Keck Observations through the 2018 Observing Season}",
  journal = {Phys. Rev. Lett.},
   volume = 127,
    pages = {151301},
     year = 2021
}

@ARTICLE{Challinor2011,
   author = {{Challinor}, A. and {Peiris}, H.},
    title = "{The CMB bispectrum}",
  journal = {NewAR},
   volume = 55,
    pages = {223-239},
     year = 2011
}

@ARTICLE{Planck2018NL,
   author = {{Planck Collaboration}},
    title = "{Planck 2018 results. VIII. Gravitational lensing}",
  journal = {A\&A},
   volume = 641,
    pages = {A8},
     year = 2020
}

@ARTICLE{EFS2004,
   author = {{Efstathiou}, G. and {Frenk}, C. and {Sugiyama}, N.},
    title = "{On the covariance matrix of CMB power spectrum estimates}",
  journal = {MNRAS},
   volume = 354,
    pages = {L72-L76},
     year = 2004
}

@ARTICLE{Alsing2019,
   author = {{Alsing}, J. and {Wandelt}, B.},
    title = "{Fast likelihood-free cosmology with neural density estimators}",
  journal = {MNRAS},
   volume = 488,
    pages = {4443-4460},
     year = 2019
}

@ARTICLE{Jeffrey2021,
   author = {{Jeffrey}, N. and {Alsing}, J. and {Lanusse}, F.},
    title = "{Dimensionality reduction for CMB data}",
  journal = {MNRAS},
   volume = 505,
    pages = {4626-4640},
     year = 2021
}

@ARTICLE{Papamakarios2019,
   author = {{Papamakarios}, G. and {Sterratt}, D. and {Murray}, I.},
    title = "{Sequential Neural Likelihood: Fast Likelihood-Free Inference with Autoregressive Flows}",
  journal = {AISTATS},
     year = 2019
}