@misc{excel2latex,
	author       = "Excel2Latex",
	title        = "Plugin para hacer tablas con Excel",
	url          = "https://www.ctan.org/tex-archive/support/excel2latex/",
	year         = "2017"
}

@misc{template,
	author       = "Pizarro, Pablo",
	title        = "Template Informe en \LaTeX",
	url          = "https://latex.ppizarror.com/informe",
	year         = "2016-2024"
}

@misc{overleaf,
	author       = "Overleaf",
	title        = "Uno de los mejores editores online para \LaTeX, renovado con su versión 2.0",
	url          = "https://es.overleaf.com/",
	year         = "2024",
	month        = "Agosto"
}

@misc{tablesgenerator,
	author       = "Tables Generator",
	title        = "Creador de tablas online para \LaTeX",
	url          = "https://www.tablesgenerator.com",
	year         = "2024"
}

@article{einstein,
	author       = "Albert Einstein",
	title        = "{Zur Elektrodynamik bewegter K{\"o}rper}. ({German}) [{On} the electrodynamics of moving bodies]",
	journal      = "Annalen der Physik",
	volume       = "322",
	number       = "10",
	pages        = "891--921",
	year         = "1905",
	DOI          = "https://dx.doi.org/10.1002/andp.19053221004"
}

@article{penzias,
  author={Penzias, A. A. and Wilson, R. W.},
  title={A Measurement of Excess Antenna Temperature at 4080 Mc/s},
  journal={The Astrophysical Journal},
  year={1965},
  doi={10.1086/148307}
}

@book{ryden,
  author={Ryden, Barbara},
  title={Introduction to Cosmology},
  edition={2},
  year={2017},
  publisher={Cambridge University Press},
}

@book{dodelson,
  author={Dodelson, Scott and Schmidt, Fabian},
  title={Modern Cosmology},
  edition={2},
  year={2020},
  publisher={Academic Press},
}

@article{planck2018,
  author={Planck Collaboration},
  title={Planck 2018 results. {VI}. Cosmological parameters},
  journal={arXiv preprint arXiv:1807.06209},
  year={2018},
  month={Jun},
}

@article{simons2019,
  author={Simons Observatory Collaboration},
  title={The Simons Observatory: Science goals and forecasts},
  journal={arXiv preprint arXiv:1808.07445},
  year={2019},
  month={Mar},
}

@article{SNPE_C,
  title={Automatic Posterior Transformation for Likelihood-free Inference},
  author={Greenberg, David S and Nonnenmacher, Marcel and Macke, Jakob H},
  journal={arXiv preprint arXiv:1905.07488},
  year={2019},
  month={May},
}


@article{NPSE_1,
  title={Sequential Neural Score Estimation: Likelihood-Free Inference with Conditional Score Based Diffusion Models},
  author={Sharrock, Louis and Simons, Jack and Liu, Song and Beaumont, Mark},  
  journal={arXiv preprint arXiv:2210.04872},
  year={2024},
  month={Jun},
}

@article{NPSE_2,
  title={Compositional Score Modeling for Simulation-Based Inference},
  author={Geffner, Tomas and Papamakarios, George and Mnih, Andriy},
  journal={arXiv preprint arXiv:2209.14249},
  year={2023},
  month={Jul},
}

@article{CAMB,
  author = {Lewis, Antony},
  title = {CAMB: Code for Anisotropies in the Microwave Background},
  year = {2023},
  howpublished = {\url{https://camb.info}},
  note = {Accessed: 2025-07-11}
}

@article{SBI,
  title={sbi: A toolkit for simulation-based inference},
  author={Tejero-Cantero, Álvaro and Boelts, Jan and Deistler, Maximilian and Lueckmann, Jan-Matthis and Durkan, Conor and Goncalves, Pedro J. and Greenberg, David and Macke, Jakob H.},
  year={2020},
  doi={10.21105/joss.02505},
}
