@article{penzias,
  author={Penzias, A. A. and Wilson, R. W.},
  title={A Measurement of Excess Antenna Temperature at 4080 Mc/s},
  journal={The Astrophysical Journal},
  year={1965},
  doi={10.1086/148307}
}

@book{ryden,
  author={Ryden, Barbara},
  title={Introduction to Cosmology},
  edition={2},
  year={2017},
  publisher={Cambridge University Press},
}

@book{dodelson,
  author={Dodelson, Scott and Schmidt, Fabian},
  title={Modern Cosmology},
  edition={2},
  year={2020},
  publisher={Academic Press},
}

@article{planck2018,
  author={Planck Collaboration},
  title={Planck 2018 results. {VI}. Cosmological parameters},
  journal={arXiv preprint arXiv:1807.06209},
  year={2018},
  month={Jun},
}

@article{simons2019,
  author={Simons Observatory Collaboration},
  title={The Simons Observatory: Science goals and forecasts},
  journal={arXiv preprint arXiv:1808.07445},
  year={2019},
  month={Mar},
}

@article{SNPE_C,
  title={Automatic Posterior Transformation for Likelihood-free Inference},
  author={Greenberg, David S and Nonnenmacher, Marcel and Macke, Jakob H},
  journal={arXiv preprint arXiv:1905.07488},
  year={2019},
  month={May},
}


@article{NPSE_1,
  title={Sequential Neural Score Estimation: Likelihood-Free Inference with Conditional Score Based Diffusion Models},
  author={Sharrock, Louis and Simons, Jack and Liu, Song and Beaumont, Mark},  
  journal={arXiv preprint arXiv:2210.04872},
  year={2024},
  month={Jun},
}

@article{NPSE_2,
  title={Compositional Score Modeling for Simulation-Based Inference},
  author={Geffner, Tomas and Papamakarios, George and Mnih, Andriy},
  journal={arXiv preprint arXiv:2209.14249},
  year={2023},
  month={Jul},
}